@book{macdonald1926,
    place = {Bangalow Rd, Jawahar Nagar, Delhi - 110007},
    edition = {3},
    title = {संस्कृत व्याकरण प्रवेशिका},
    publisher = {मोतीलाल बनारसीदास},
    author = {MacDonald, Arthur A},
    translator = {द्विवेदी, कपिलदेव},
    year = {1926},
    isbn = {978-81-208-2336-5},
}

@book{wade2011,
    author = {Terence Wade},
    title = {A Comprehensive Russian Grammar},
    date = {2011},
    publisher = {Wiley-Blackwell},
    edition = {3},
    isbn = {978-1-4051-3639-6},
}

@book{levine2009,
    place = {New York},
    edition = {2},
    title = {Schaums outlines: Russian grammar},
    publisher = {McGraw-Hill},
    author = {Levine, James S.},
    year = {2009},
}

@book{robin2012,
    author = {Robin, Richard and Evans-Romaine, Karen and Shatlina, Galina},
    title = {Golosa : A Basic Course In Russian [Book One]},
    publisher = {Pearson},
    edition = {5},
    year = {2012},
    address = {Boston},
    isbn = {978-0-205-74135-9}
}

@book{wolkonsky1961,
    place={New York},
    title={Handbook of Russian Roots},
    publisher={Columbia University Press},
    author={Wolkonsky, Catherine A. and Poltoratzky, Marianna A.},
    year={1961}
}

@book{franke2012,
    place={New York},
    title={The Big Silver Book Of Russian Verbs},
    publisher={McGraw-Hill},
    author={Franke, Jack},
    year={2012}
}

@online{readyruss2021,
    title = {Ready Russian},
    accessed_on = {13-June-2021},
    year = {2017},
    url = {https://www.readyrussian.org},
}

@online{kovalenko2015,
    url = {https://www.youtube.com/watch?v=s6asiEL1f8U},
    accessed_on = {28-Apr-2021},
    year = {2015},
    month = Jul,
    day = {3},
    title = {\ru{ы} or \ru{и}? Vowels. Part 2},
    author = {Kovalenko, Yulia},
}

@online{guzeva2020,
    url = {https://www.rbth.com/education/332405-hard-sign-russian-letter},
    accessed_on = {09-May-2021},
    year = {2020},
    month = Jul,
    day = {8},
    title = {\ru{ъ} - What's the point of the Russian alphabet’s most bizarre letter?},
    author = {Guzeva, Alexandra}
}
